%https://www.bioinformatics.org/texmed/

%ACP
 @Article{ACParticle,
    title = {{FactoMineR}: A Package for Multivariate Analysis},
    author = {S\'ebastien L\^e and Julie Josse and Fran\c{c}ois
      Husson},
    journal = {Journal of Statistical Software},
    year = {2008},
    volume = {25},
    number = {1},
    pages = {1--18},
    doi = {10.18637/jss.v025.i01},
  }

% 26675384 : biblio H3k9me3
@Article{pmid26675384,
   Author="Becker, J. S.  and Nicetto, D.  and Zaret, K. S. ",
   Title="{{H}3{K}9me3-{D}ependent {H}eterochromatin: {B}arrier to {C}ell {F}ate {C}hanges}",
   Journal="Trends Genet.",
   Year="2016",
   Volume="32",
   Number="1",
   Pages="29--41",
   Month="Jan"
}

% introsouris
@Article{introsouris,
   Author="Nishibuchi, G.  and Dejardin, J. ",
   Title="{{T}he molecular basis of the organization of repetitive {D}{N}{A}-containing constitutive heterochromatin in mammals}",
   Journal="Chromosome Res.",
   Year="2017",
   Volume="25",
   Number="1",
   Pages="77--87",
   Month="Mar"
}


% 19997069 : Technologies de sequencage
@Article{pmid19997069,
   Author="Metzker, M. L. ",
   Title="{{S}equencing technologies - the next generation}",
   Journal="Nat. Rev. Genet.",
   Year="2010",
   Volume="11",
   Number="1",
   Pages="31--46",
   Month="Jan"
}

% 21934668 : ChipSeq principe
@Article{pmid21934668,
   Author="Kidder, B. L.  and Hu, G.  and Zhao, K. ",
   Title="{{C}h{I}{P}-{S}eq: technical considerations for obtaining high-quality data}",
   Journal="Nat. Immunol.",
   Year="2011",
   Volume="12",
   Number="10",
   Pages="918--922",
   Month="Sep"
}

% 19736561 : ChIp-Seq :  principe et pipeline de base
@Article{pmid19736561,
   Author="Park, P. J. ",
   Title="{{C}h{I}{P}-seq: advantages and challenges of a maturing technology}",
   Journal="Nat. Rev. Genet.",
   Year="2009",
   Volume="10",
   Number="10",
   Pages="669--680",
   Month="Oct"
}

% 21633945 : protocol MACS
@Article{pmid21633945,
   Author="Feng, J.  and Liu, T.  and Zhang, Y. ",
   Title="{{U}sing {M}{A}{C}{S} to identify peaks from {C}h{I}{P}-{S}eq data}",
   Journal="Curr Protoc Bioinformatics",
   Year="2011",
   Volume="Chapter 2",
   Pages="Unit 2.14",
   Month="Jun"
}

% 28250819 : exemple de Chip seq sur une marque dhistone
@Article{pmid28250819,
   Author="Kidder, B. L.  and Hu, G.  and Cui, K.  and Zhao, K. ",
   Title="{{S}{M}{Y}{D}5 regulates {H}4{K}20me3-marked heterochromatin to safeguard {E}{S} cell self-renewal and prevent spurious differentiation}",
   Journal="Epigenetics Chromatin",
   Year="2017",
   Volume="10",
   Pages="8"
}

% 25012247 :publi RepEnrich
@Article{pmid25012247,
   Author="Criscione, S. W.  and Zhang, Y.  and Thompson, W.  and Sedivy, J. M.  and Neretti, N. ",
   Title="{{T}ranscriptional landscape of repetitive elements in normal and cancer human cells}",
   Journal="BMC Genomics",
   Year="2014",
   Volume="15",
   Pages="583",
   Month="Jul"
}

% RepEnrich2 protocole
@misc {protocole,
    Author="Nicholas Skvir",
    Title="RepEnrich2 is an updated method to estimate repetitive element enrichment using high-throughput sequencing data.",
    Month="Oct",
    Year="2017",
    Note="https://github.com/nskvir/RepEnrich2"
}


%GO terms

@misc{fastqc,
Author="Andrews Simon",
Title="FastQC: a quality control tool for high throughput sequence data",
Month="",
Year="2010",
Note="http://www.bioinformatics.babraham.ac.uk/projects/fastqc/"
}

@misc {GO,
    Author="https://david.ncifcrf.gov/",
    Note="Laboratory of Human Retrovirology and Immunoinformatics ",
    Month="",
    Year="2003 - 2018",
    Title="DAVID Bioinformatics Resources 6.8"
   
}
% 22703977 : Biblio elements transposables
@Article{transposables,
   Author="Nellaker, C.  and Keane, T. M.  and Yalcin, B.  and Wong, K.  and Agam, A.  and Belgard, T. G.  and Flint, J.  and Adams, D. J.  and Frankel, W. N.  and Ponting, C. P. ",
   Title="{{T}he genomic landscape shaped by selection on transposable elements across 18 mouse strains}",
   Journal="Genome Biol.",
   Year="2012",
   Volume="13",
   Number="6",
   Pages="R45",
   Month="Jun"
}

% 23945931 : Biblio elements transposable LINE un tiers genome de la souris
@Article{pmid23945931,
   Author="Chen, C.  and Zhang, S.  and Zhang, X. S. ",
   Title="{{D}iscovery of cell-type specific regulatory elements in the human genome using differential chromatin modification analysis}",
   Journal="Nucleic Acids Res.",
   Year="2013",
   Volume="41",
   Number="20",
   Pages="9230--9242",
   Month="Nov"
}

% deseq 
@Article{deseq,
   Author="Love, M. I.  and Huber, W.  and Anders, S. ",
   Title="{{M}oderated estimation of fold change and dispersion for {R}{N}{A}-seq data with {D}{E}{S}eq2}",
   Journal="Genome Biol.",
   Year="2014",
   Volume="15",
   Number="12",
   Pages="550"
}

% deeptools 
@Article{deeptools,
   Author="Ramirez, F.  and Ryan, D. P.  and Gruning, B.  and Bhardwaj, V.  and Kilpert, F.  and Richter, A. S.  and Heyne, S.  and Dundar, F.  and Manke, T. ",
   Title="{deep{T}ools2: a next generation web server for deep-sequencing data analysis}",
   Journal="Nucleic Acids Res.",
   Year="2016",
   Volume="44",
   Number="W1",
   Pages="W160--165",
   Month="07"
}

% IGV 
@Article{IGV,
   Author="Robinson, J. T.  and Thorvaldsdottir, H.  and Winckler, W.  and Guttman, M.  and Lander, E. S.  and Getz, G.  and Mesirov, J. P. ",
   Title="{{I}ntegrative genomics viewer}",
   Journal="Nat. Biotechnol.",
   Year="2011",
   Volume="29",
   Number="1",
   Pages="24--26",
   Month="Jan"
}

% circos 
@Article{circos,
   Author="Krzywinski, M.  and Schein, J.  and Birol, I.  and Connors, J.  and Gascoyne, R.  and Horsman, D.  and Jones, S. J.  and Marra, M. A. ",
   Title="{{C}ircos: an information aesthetic for comparative genomics}",
   Journal="Genome Res.",
   Year="2009",
   Volume="19",
   Number="9",
   Pages="1639--1645",
   Month="Sep"
}

% intro H3K9me3 
@Article{intro,
   Author="Bannister, A. J.  and Zegerman, P.  and Partridge, J. F.  and Miska, E. A.  and Thomas, J. O.  and Allshire, R. C.  and Kouzarides, T. ",
   Title="{{S}elective recognition of methylated lysine 9 on histone {H}3 by the {H}{P}1 chromo domain}",
   Journal="Nature",
   Year="2001",
   Volume="410",
   Number="6824",
   Pages="120--124",
   Month="Mar"
}

% bowtie 
@Article{bowtie,
   Author="Langmead, B.  and Salzberg, S. L. ",
   Title="{{F}ast gapped-read alignment with {B}owtie 2}",
   Journal="Nat. Methods",
   Year="2012",
   Volume="9",
   Number="4",
   Pages="357--359",
   Month="Mar"
}

% MACS 
@Article{MACS,
   Author="Zhang, Y.  and Liu, T.  and Meyer, C. A.  and Eeckhoute, J.  and Johnson, D. S.  and Bernstein, B. E.  and Nusbaum, C.  and Myers, R. M.  and Brown, M.  and Li, W.  and Liu, X. S. ",
   Title="{{M}odel-based analysis of {C}h{I}{P}-{S}eq ({M}{A}{C}{S})}",
   Journal="Genome Biol.",
   Year="2008",
   Volume="9",
   Number="9",
   Pages="R137"
}

% bedtools 
@Article{bedtools,
   Author="Quinlan, A. R.  and Hall, I. M. ",
   Title="{{B}{E}{D}{T}ools: a flexible suite of utilities for comparing genomic features}",
   Journal="Bioinformatics",
   Year="2010",
   Volume="26",
   Number="6",
   Pages="841--842",
   Month="Mar"
}

%Venn
@misc{Venn,
Author="Oliveros, J.C. ",
Title="Venny. An interactive tool for comparing lists with Venn's diagrams.",
Month="",
Year="(2007-2015)",
Note="http://bioinfogp.cnb.csic.es/tools/venny/index.html"
}

% repbase 
@Article{repbase,
   Author="Bao, W.  and Kojima, K. K.  and Kohany, O. ",
   Title="{{R}epbase {U}pdate, a database of repetitive elements in eukaryotic genomes}",
   Journal="Mob DNA",
   Year="2015",
   Volume="6",
   Pages="11"
}

% SICER 
@Article{SICER,
   Author="Xu, S.  and Grullon, S.  and Ge, K.  and Peng, W. ",
   Title="{{S}patial clustering for identification of {C}h{I}{P}-enriched regions ({S}{I}{C}{E}{R}) to map regions of histone methylation patterns in embryonic stem cells}",
   Journal="Methods Mol. Biol.",
   Year="2014",
   Volume="1150",
   Pages="97--111"
}

% norma 
@Article{norma,
   Author="Orlando, D. A.  and Chen, M. W.  and Brown, V. E.  and Solanki, S.  and Choi, Y. J.  and Olson, E. R.  and Fritz, C. C.  and Bradner, J. E.  and Guenther, M. G. ",
   Title="{{Q}uantitative {C}h{I}{P}-{S}eq normalization reveals global modulation of the epigenome}",
   Journal="Cell Rep",
   Year="2014",
   Volume="9",
   Number="3",
   Pages="1163--1170",
   Month="Nov"
}

% Htseqcount 
@Article{Htseqcount,
   Author="Anders, S.  and Pyl, P. T.  and Huber, W. ",
   Title="{{H}{T}{S}eq--a {P}ython framework to work with high-throughput sequencing data}",
   Journal="Bioinformatics",
   Year="2015",
   Volume="31",
   Number="2",
   Pages="166--169",
   Month="Jan"
}

% TALE1 
@Article{TALE1,
   Author="Boch, J.  and Scholze, H.  and Schornack, S.  and Landgraf, A.  and Hahn, S.  and Kay, S.  and Lahaye, T.  and Nickstadt, A.  and Bonas, U. ",
   Title="{{B}reaking the code of {D}{N}{A} binding specificity of {T}{A}{L}-type {I}{I}{I} effectors}",
   Journal="Science",
   Year="2009",
   Volume="326",
   Number="5959",
   Pages="1509--1512",
   Month="Dec"
}

% TALE2 
@Article{TALE2,
   Author="Moscou, M. J.  and Bogdanove, A. J. ",
   Title="{{A} simple cipher governs {D}{N}{A} recognition by {T}{A}{L} effectors}",
   Journal="Science",
   Year="2009",
   Volume="326",
   Number="5959",
   Pages="1501",
   Month="Dec"
}

% Discu1 
@Article{Discu1,
   Author="Guenatri, M.  and Bailly, D.  and Maison, C.  and Almouzni, G. ",
   Title="{{M}ouse centric and pericentric satellite repeats form distinct functional heterochromatin}",
   Journal="J. Cell Biol.",
   Year="2004",
   Volume="166",
   Number="4",
   Pages="493--505",
   Month="Aug"
}

 %Discu2 
@Article{Discu2,
   Author="Martins, N. M.  and Bergmann, J. H.  and Shono, N.  and Kimura, H.  and Larionov, V.  and Masumoto, H.  and Earnshaw, W. C. ",
   Title="{{E}pigenetic engineering shows that a human centromere resists silencing mediated by {H}3{K}27me3/{K}9me3}",
   Journal="Mol. Biol. Cell",
   Year="2016",
   Volume="27",
   Number="1",
   Pages="177--196",
   Month="Jan"
}


